@Article{Chen_2021,
  author    = {Chen, Yu-Ao and Gao, Xiao-Shan},
  journal   = {Journal of Systems Science and Complexity},
  title     = {Quantum Algorithm for Boolean Equation Solving and Quantum Algebraic Attack on Cryptosystems},
  year      = {2021},
  issn      = {1559-7067},
  month     = jan,
  number    = {1},
  pages     = {373--412},
  volume    = {35},
  doi       = {10.1007/s11424-020-0028-6},
  publisher = {Springer Science and Business Media LLC},
}

@Comment{jabref-meta: databaseType:bibtex;}
