@book{sipser,
    author = "Michael Sipser",
    title = "Introduction to the Theory of Computation, Third Edition",
    publisher = "Cengage Learning",
    year = "2012"
}
