@book{sipser,
    author = "Michael Sipser",
    title = "Introduction to the Theory of Computation, Third Edition",
    publisher = "Cengage Learning",
    year = "2012"
}
@misc{key,
  author       = {David Wees},
  title        = {Visualizing Euclid's Algorithm},
  howpublished = {\url{https://www.geogebra.org/m/ztbesvsd}},
  year         = {11.11.2020, 21:30 (last visited)}
}
