@Article{Bonnetain_2019,
  author = {{{Bonnetain, X. and Naya-Plasencia, M. and Schrottenloher, A.}}},
  title  = {{{Quantum Security Analysis of AES}}},
  doi    = {https://doi.org/10.13154/tosc.v2019.i2.55-93},
  file   = {:papers/lstennes,+ToSC2019_2_02-1.pdf:PDF},
}

@Article{Brassard,
  author = {{{Brassard, G. and Hoyer, P. and Mosca, M. and Tapp, A.}}},
  title  = {{{Quantum Amplitude Amplification and Estimation}}},
  doi    = {https://doi.org/10.48550/arXiv.quant-ph/0005055},
  file   = {:papers/0005055.pdf:PDF},
}

@Book{Knudsen,
  author = {{{Knudsen, L.}}},
  title  = {{{The Block Cipher Companion}}},
  isbn   = {978-3-642-27111-3},
  file   = {:books/978-3-642-17342-4.pdf:PDF},
}

@TechReport{Dworkin_2023,
  author = {{{Dworkin, M. J.}}},
  title  = {{{Advanced Encryption Standard (AES)}}},
  doi    = {https://doi.org/10.6028/NIST.FIPS.197-upd1},
  file   = {:papers/fips-197.pdf:PDF},
}

@Book{Fischer,
  author = {{{Fischer, G.}}},
  title  = {{{Lehrbuch der Algebra}}},
  isbn   = {978-3-658-19217-4},
  file   = {:books/Fischer - Lehrbuch der Algebra.pdf:PDF},
}

@Article{Wagner_1999,
  author = {{{Wagner, D.}}},
  title  = {{{The Boomerang Attack}}},
  doi    = {10.1007/3-540-48519-8_12},
  file   = {:papers/3-540-48519-8_12.pdf:PDF},
}

@Article{Zou_2023,
  author = {{{Zou H. and Zou, J. and Luo, Y.}}},
  title  = {{{New results on quantum boomerang attacks}}},
  doi    = {10.1007/s11128-023-03921-6},
  file   = {:papers/s11128-023-03921-6-1.pdf:PDF},
}

@Article{Frixons_2022,
  author = {{{Frixons, P. and Naya-Plasencia, M. and Schrottenloher, A.}}},
  title  = {{{Quantum Boomerang Attacks and Some Applications}}},
  doi    = {10.1007/978-3-030-99277-4_16},
  file   = {:papers/978-3-030-99277-4-1.pdf:PDF},
}

@Comment{jabref-meta: databaseType:bibtex;}
