@Book{IoffeTihomirov,
  author = {{{A.D. Ioffe and V.M. Tihomirov}}},
  title  = {{{Theory of Extremal Problems}}},
  isbn   = {9780444851673},
}

@Book{Jaenich,
  author = {{{K. JaÌˆnich}}},
  title  = {{{Topologie}}},
  isbn   = {9783540213932},
}

@Book{Rockafellar,
  author = {{{R.T. Rockafellar}}},
  title  = {{{Convex Analysis}}},
  isbn   = {9780691015866},
}

@Book{Munkres,
  author = {{{J. R. Munkres}}},
  title  = {Topology},
  isbn   = {9780131816299},
}

@Book{Werner,
  author = {{{D. Werner}}},
  title  = {{{Funktionalanalysis}}},
  isbn   = {9783662554067},
}

@Comment{jabref-meta: databaseType:bibtex;}
