@Article{Misra_1977,
  author = {{{B. Misra and E. C. G. Sudarshan}}},
  title  = {{{The Zeno's paradox in quantum theory}}},
  doi    = {10.1063/1.523304},
}

@Article{Wan,
  author = {{{Wan, Ke and Liu, Yiwen}}},
  title  = {{{Hybrid Quantum Algorithms integrating QAOA, Penalty Dephasing and Zeno Effect for Solving Binary Optimization Problems with Multiple Constraints}}},
  doi    = {https://doi.org/10.48550/arXiv.2305.08056},
}

@Article{Tavakoli,
  author = {{{A. Tavakoli and H. Anwer and A. Hameedi and M. Bourennane}}},
  title  = {{{Quantum Communication Complexity using the Quantum Zeno Effect}}},
  doi    = {https://doi.org/10.48550/arXiv.1507.01936},
}

@Article{Hardy_1999,
  author = {{{L. Hardy and W. v. Dam}}},
  title  = {{{Quantum communication using a nonlocal Zeno effect}}},
  doi    = {10.1103/PhysRevA.59.2635},
}

@Book{Griffiths,
  author = {{{Griffiths, David J. and Schroeter, Darrell F.}}},
  title  = {{{Introduction to Quantum Mechanics}}},
  isbn   = {9781107189638},
}

@Article{Chiu_1977,
  author = {{{C. B. Chiu and E. C. G. Sudarshan and B. Misra}}},
  title  = {{{Time evolution of unstable quantum states and a resolution of Zeno's paradox}}},
  doi    = {https://doi.org/10.1103/PhysRevD.16.520},
}

@Book{Nielsen,
  author = {{{Michael, A. Nielsen and Isaac, L. Chuang}}},
  title  = {{{Quantum Computation and Quantum Information}}},
  isbn   = {9781107002173},
}

@Book{Aristotle,
  author = {{{Aristotle}}},
  title  = {{{The Complete Works of Aristotle: The Revised Oxford Translation, Vol. 1}}},
  isbn   = {9780691016504},
}

@Comment{jabref-meta: databaseType:bibtex;}
