@Book{Horn,
  author = {{{Horn, R. A.}}},
  title  = {{{Matrix Analysis}}},
  isbn   = {9780521839402},
}

@Book{Remmert,
  author = {{{Remmert, R. and Schumacher, G.}}},
  title  = {{{Funktionentheorie 1}}},
  isbn   = {9783540418559},
}

@Article{Nagaj,
  author = {{{Nagaj, D. and Somma, R. D. and Kieferova, M.}}},
  title  = {{{Quantum Speedup by Quantum Annealing}}},
  doi    = {https://doi.org/10.48550/arXiv.1202.6257},
}

@Article{Albash,
  author = {{{Albash, T. and Lidar, D. A.}}},
  title  = {{{Adiabatic Quantum Computing}}},
  doi    = {10.48550/arXiv.1611.04471},
}

@Comment{jabref-meta: databaseType:bibtex;}
