@Article{Buchbinder2009,
  author       = {Niv Buchbinder and Joseph Seffi Naor},
  journaltitle = {Foundations and Trends{\textregistered} in Theoretical Computer Science},
  title        = {{{The Design of Competitive Online Algorithms via a Primal{\textemdash}Dual Approach}}},
  doi          = {10.1561/0400000024},
  number       = {2{\textendash}3},
  pages        = {93--263},
  volume       = {3},
  publisher    = {Now Publishers},
}

@Book{Forster2017,
  author = {Forster, Otto},
  title  = {{{Analysis 2}}},
  isbn   = {978-3-658-19410-9},
}

@Book{Woeginger,
  author = {Woeginger, Gerhard},
  title  = {{{Online Algorithms}}},
  isbn   = {978-3-540-64917-4},
}

@Book{Borodin,
  author = {Borodin, Allan},
  title  = {{{Online Computation and Competitive Analysis}}},
  isbn   = {978-0-521-56392-5},
}

@Comment{jabref-meta: databaseType:biblatex;}

@Comment{jabref-meta: saveActions:disabled;
all-text-fields[identity]
date[normalize_date]
month[normalize_month]
pages[normalize_page_numbers]
;}
