@Misc{Chen2024,
  author = {Chen, Yilei},
  title  = {{{Quantum Algorithms for Lattice Problems}}},
  note   = {[Accessed: 19.07.2024, 11:22]},
  url    = {https://eprint.iacr.org/2024/555},
  file   = {Full Text PDF:https\://eprint.iacr.org/2024/555.pdf:application/pdf},
}

@Article{Grover,
  author = {Grover, Lov and Rudolph, Terry},
  title  = {{{Creating superpositions that correspond to efficiently integrable probability distributions}}},
  doi    = {10.48550/arXiv.quant-ph/0208112},
}

@Online{Karst_China,
  author = {Wikipedia},
  title  = {{{Lijiang fengcong (cone karst) in Guilin as part of the South China Karst.}}},
  url    = {https://upload.wikimedia.org/wikipedia/commons/0/06/87340-Li-River_(29881879337).jpg},
  note   = {[Accessed: 21.07.2024, 14:29]},
}

@Article{Harrow,
  author = {Harrow, Aram W. and Hassidim, Avinatan and Lloyd, Seth},
  title  = {{{Quantum algorithm for solving linear systems of equations}}},
  doi    = {10.48550/arXiv.0811.3171},
}

@Online{valentinpi,
  author = {valentinpi},
  title  = {{{Bachelor-Thesis: A Comprehensive Description of the Quantum HHL Algorithm and its Application in the Cryptanalysis of the AES}}},
  url    = {https://valentinpi.github.io/posts/bachelor-thesis/bachelor_thesis.pdf},
  note   = {[Accessed: 22.07.2024, 23:20]},
}

@Comment{jabref-meta: databaseType:biblatex;}
