@Book{Fonseca,
  author = {Fonseca, Irene and Leoni, Giovanni},
  title  = {{{Modern methods in the calculus of variations}}},
  isbn   = {978-0-387-35784-3},
}

@Book{Elstrodt,
  editor = {Jürgen Elstrodt},
  title  = {{{Maß- und Integrationstheorie}}},
  isbn   = {978-3-540-89727-9},
}

@Book{Axler,
  author = {Axler, Sheldon Jay},
  title  = {{{Measure, integration \& real analysis}}},
  isbn   = {978-3-030-33142-9},
}

@Comment{jabref-meta: databaseType:bibtex;}
