@Report{Chen2022,
  author = {{{Chen, I. and Sun, D.}}},
  title  = {{{The dihedral hidden subgroup problem}}},
  doi    = {10.48550/arXiv.2106.09907},
  file   = {:Chen2022 - The Dihedral Hidden Subgroup Problem.pdf:PDF},
}

@Report{Kuperberg2004,
  author = {{{Kuperberg, G.}}},
  title  = {{{A subexponential-time quantum algorithm for the dihedral hidden subgroup problem}}},
  doi    = {10.48550/arXiv.quant-ph/0302112},
  file   = {:Kuperberg2004 - A Subexponential Time Quantum Algorithm for the Dihedral Hidden Subgroup Problem.pdf:PDF},
}

@Report{Regev2004,
  author = {{{Regev, O.}}},
  title  = {{{A Subexponential Time Algorithm for the Dihedral Hidden Subgroup Problem with Polynomial Space}}},
  doi    = {10.48550/arXiv.quant-ph/0406151},
  file   = {:Regev2004 - A Subexponential Time Algorithm for the Dihedral Hidden Subgroup Problem with Polynomial Space.pdf:PDF},
}

@Report{Lomont2004,
  author = {{{Lomont, C.}}},
  title  = {{{The Hidden Subgroup Problem - Review and Open Problems}}},
  doi    = {10.48550/arXiv.quant-ph/0411037},
  file   = {:Lomont2004 - The Hidden Subgroup Problem Review and Open Problems.pdf:PDF},
}

@InCollection{Ettinger1999,
  author = {{{Ettinger, M. and Hoyer, P.}}},
  title  = {{{On Quantum Algorithms for Noncommutative Hidden Subgroups}}},
  doi    = {10.1007/3-540-49116-3_45},
  file   = {:Ettinger1999 - On Quantum Algorithms for Noncommutative Hidden Subgroups.pdf:PDF},
}

@Report{Ettinger1999a,
  author = {{{Ettinger, M. and Hoyer, P. and Knill, E.}}},
  title  = {{{Hidden Subgroup States are Almost Orthogonal}}},
  doi    = {10.48550/arXiv.quant-ph/9901034},
  file   = {:Ettinger1999a - Hidden Subgroup States Are Almost Orthogonal.pdf:PDF},
}

@Article{Gogioso2017,
  author = {{{Gogioso, S. and Kissinger, A.}}},
  title  = {{{Fully graphical treatment of the quantum algorithm for the Hidden Subgroup Problem}}},
  doi    = {10.48550/ARXIV.1701.08669},
  file   = {:Gogioso2017 - Fully Graphical Treatment of the Quantum Algorithm for the Hidden Subgroup Problem.pdf:PDF},
}

@Book{Fischer,
  author = {{{Fischer, G.}}},
  title  = {{{Lehrbuch der Algebra}}},
  isbn   = {978-3-658-19365-2},
}

@Book{Fulton,
  author = {{{Fulton, W. and Harris, J.}}},
  title  = {{{Representation Theory}}},
  isbn   = {978-0-387-97495-8},
}

@Comment{jabref-meta: databaseType:biblatex;}

@Comment{jabref-meta: fileDirectory:/home/valentin/.local/share/Cryptomator/mnt/OneDrive/Arbeit/AISEC/hsp-notes/papers;}
