@Book{Nielsen,
  author = {Michael, A. Nielsen and Isaac, L. Chuang},
  title  = {{{Quantum Computation and Quantum Information}}},
  isbn   = {9781107002173},
}
