@book{analysiskoenigsberger,
    author      = "Konrad KÃ¶nigsberger",
    title       = "Analysis 1",
    year        = 2004,
    publisher   = "Springer-Verlag"
}
