@Book{Griffiths,
  author = {Griffiths, David J. and Schroeter, Darrell F.},
  title  = {Introduction to Quantum Mechanics},
  isbn   = {978-1107189638},
}

@Article{Albash2016,
  author    = {Albash, Tameem and Lidar, Daniel A.},
  title     = {{{Adiabatic Quantum Computing}}},
  doi       = {10.48550/arXiv.1611.04471},
  copyright = {arXiv.org perpetual, non-exclusive license},
  keywords  = {Quantum Physics (quant-ph), FOS: Physical sciences, FOS: Physical sciences},
  publisher = {arXiv},
}

@Book{Lyche,
  author = {Lyche, Tom},
  title  = {Numerical Linear Algebra and Matrix Factorizations},
  isbn   = {978-3-030-36467-0},
}

@Comment{jabref-meta: databaseType:biblatex;}

@Comment{jabref-meta: saveActions:disabled;
all-text-fields[identity]
date[normalize_date]
month[normalize_month]
pages[normalize_page_numbers]
;}
