@Article{Coquereaux_2019,
  author = {Coquereaux, Robert and McSwiggen, Colin and Zuber, Jean-Bernard},
  title  = {{{Revisiting Horns problem}}},
  doi    = {10.1088/1742-5468/ab3bc2},
}

@Article{Fulton_2000,
  author = {Fulton, William},
  title  = {{{Eigenvalues, invariant factors, highest weights, and Schubert calculus}}},
  doi    = {10.1090/s0273-0979-00-00865-x},
}

@Article{Day_1998,
  author = {Day, Jane and So, Wasin and Thompson, Robert C.},
  title  = {{{The spectrum of a Hermitian matrix sum}}},
  doi    = {10.1016/S0024-3795(98)10019-8},
}

@Article{Klyachko_1998,
  author = {Klyachko, A. A.},
  title  = {{{Stable bundles, representation theory and Hermitian operators}}},
  doi    = {10.1007/s000290050037},
}

@Article{Horn_1962,
  author = {Horn, Alfred},
  title  = {{{Eigenvalues of sums of Hermitian matrices}}},
  doi    = {10.2140/PJM.1962.12.225},
}

@Article{Weyl_1912,
  author = {Weyl, Hermann},
  title  = {{{Das asymptotische Verteilungsgesetz der Eigenwerte linearer partieller Differentialgleichungen (mit einer Anwendung auf die Theorie der Hohlraumstrahlung)}}},
  doi    = {10.1007/BF01456804},
}

@Article{Childs_2014,
  author = {Childs, Andrew M. and Gosset, David and Webb, Zak},
  title  = {{{The Bose-Hubbard Model is QMA-complete}}},
  doi    = {10.1007/978-3-662-43948-7_26},
}

@Article{Wei_2010,
  author = {Wei, Tzu-Chieh and Mosca, Michele and Nayak, Ashwin},
  title  = {{{Interacting Boson Problems Can Be QMA Hard}}},
  doi    = {10.1103/PhysRevLett.104.040501},
}

@Article{Albash_2018,
  author = {Albash, Tameem and Lidar, Daniel A.},
  title  = {{{Adiabatic quantum computation}}},
  doi    = {10.1103/RevModPhys.90.015002},
}

@Book{Horn,
  author = {Horn, Roger A.},
  title  = {{{Matrix Analysis}}},
  isbn   = {978-0-521-83940-2},
}

@Book{Forster,
  author = {Forster, Otto},
  title  = {{{Analysis 1}}},
  isbn   = {978-3-658-11544-9},
}

@Comment{jabref-meta: databaseType:bibtex;}
